%% LaTeX2e file `proposal.bib'
%% generated by the `filecontents' environment
%% from source `milestone' on 2017/11/14.
%%
@inproceedings{DBLP:conf/iros/MaturanaS15,
  author    = {Daniel Maturana and
               Sebastian Scherer},
  title     = {VoxNet: {A} 3D Convolutional Neural Network for real-time object recognition},
  booktitle = {2015 {IEEE/RSJ} International Conference on Intelligent Robots and
               Systems, {IROS} 2015, Hamburg, Germany, September 28 - October 2,
               2015},
  pages     = {922--928},
  year      = {2015},
  crossref  = {DBLP:conf/iros/2015},
  url       = {https://doi.org/10.1109/IROS.2015.7353481},
  doi       = {10.1109/IROS.2015.7353481},
  timestamp = {Mon, 22 May 2017 17:11:27 +0200},
  biburl    = {http://dblp.org/rec/bib/conf/iros/MaturanaS15},
  bibsource = {dblp computer science bibliography, http://dblp.org}
}
@article{brock2016generative,
  title={Generative and discriminative voxel modeling with convolutional neural networks},
  author={Brock, Andrew and Lim, Theodore and Ritchie, James M and Weston, Nick},
  journal={arXiv preprint arXiv:1608.04236},
  year={2016}
}
